<?xml version="1.0" encoding="UTF-8"?>
<collection xmlns:xsi="http://www.w3.org/2001/XMLSchema-instance" xsi:schemaLocation="http://www.loc.gov/MARC21/slim http://www.loc.gov/standards/marcxml/schema/MARC21slim.xsd" xmlns="http://www.loc.gov/MARC21/slim">
<record>
  <leader>00729nam a22001811  4500</leader>
  <controlfield tag="001">2682249</controlfield>
  <controlfield tag="003">NNC</controlfield>
  <controlfield tag="005">20030429134722.0</controlfield>
  <controlfield tag="008">000925s1964    iq            000 0 ara d</controlfield>
  <datafield tag="035" ind1=" " ind2=" ">
    <subfield code="a">(OCoLC)ocm45068246</subfield>
  </datafield>
  <datafield tag="035" ind1=" " ind2=" ">
    <subfield code="9">ARD1682CU</subfield>
  </datafield>
  <datafield tag="040" ind1=" " ind2=" ">
    <subfield code="a">ZCU</subfield>
    <subfield code="c">ZCU</subfield>
  </datafield>
  <datafield tag="099" ind1=" " ind2=" ">
    <subfield code="a">956</subfield>
    <subfield code="a">Sa29</subfield>
  </datafield>
  <datafield tag="100" ind1="1" ind2=" ">
    <subfield code="a">Ṣakbān, ʻAbd al-ʻĀl.</subfield>
  </datafield>
  <datafield tag="245" ind1="1" ind2="0">
    <subfield code="a">Maʻnā al-ishtirākīyah al-ʻArabīyah [taʾlīf] ʻAbd-al-ʻĀl al-Ṣakbān;</subfield>
    <subfield code="b">al-muḥādarah allatī ulqiyat fī al-mawsim al-thaqāfī li-Dāʾirat al-Iqtiṣād wa-al-ʻUlūm al-Siyāsīyah bi-Jāmiʻat Baghdād masāʾa yawm-al-ithnayn 20-4-1964.</subfield>
  </datafield>
  <datafield tag="260" ind1=" " ind2=" ">
    <subfield code="a">Baghdād,</subfield>
    <subfield code="b">Shirkat al-Tabʻ wa-al-Nashr al-Ahlīyah Dh.M.M.,</subfield>
    <subfield code="c">1964.</subfield>
  </datafield>
  <datafield tag="300" ind1=" " ind2=" ">
    <subfield code="a">30 p.</subfield>
  </datafield>
  <datafield tag="955" ind1=" " ind2=" ">
    <subfield code="b">0026813084</subfield>
    <subfield code="d">glx</subfield>
    <subfield code="e">956 Sa29</subfield>
  </datafield>
</record>
</collection>